price,volume,time,buysell,marketlimit
8181.90000,0.01000000,1518396905.5498,0,1
8179.90000,0.09767107,1518396913.519,1,1
8179.50000,0.07931534,1518396917.2377,1,1
8179.00000,0.01467172,1518396917.2454,1,1
8178.80000,0.00489069,1518396917.2488,1,1
8178.80000,0.02662225,1518396917.2522,1,1
8178.80000,0.12560000,1518396924.0736,1,1
8178.80000,0.34777775,1518396925.3612,1,1
8171.50000,0.00780000,1518396925.3678,1,1
8171.50000,0.05129593,1518396925.3715,1,1
8171.50000,0.13143407,1518396925.4105,1,1
8165.00000,0.12787020,1518396925.4149,1,1
8165.00000,0.00997496,1518396926.1951,1,1
8165.00000,0.00002504,1518396926.2042,1,1
8179.10000,0.10024076,1518396929.4485,1,0
8165.00000,0.16449393,1518396929.47,1,0
8164.90000,0.10000000,1518396929.4751,1,0
8154.80000,2.13526531,1518396929.4785,1,0
8180.60000,0.05000000,1518396934.7948,0,0
8180.60000,0.01000000,1518396935.4581,0,1
8168.80000,0.00997496,1518396950.2753,1,1
8168.80000,0.00002504,1518396950.2813,1,1
8179.40000,0.01000000,1518396965.6452,0,1
8169.10000,0.00997496,1518396980.4467,1,1
8169.10000,0.00002504,1518396980.5121,1,1
8179.30000,0.03700000,1518396984.662,0,1
8179.30000,0.09494868,1518396984.6818,0,1
8179.20000,0.01000000,1518396990.2344,0,1
8179.30000,0.00578864,1518396990.2404,0,1
8179.30000,0.16462681,1518396995.5195,0,1
8179.30000,0.00477852,1518396995.5277,0,1
8184.00000,0.01000000,1518396996.9097,0,1
8184.00000,0.04000000,1518396998.261,0,0
8193.00000,0.03030000,1518396998.2655,0,0
8198.30000,1.08300000,1518396998.2686,0,0
8198.50000,0.10000000,1518396998.2721,0,0
8198.60000,0.27700000,1518396998.2755,0,0
8198.90000,0.96970000,1518396998.2786,0,0
8181.50000,0.00997496,1518397010.6546,1,1
8181.50000,0.00002504,1518397010.657,1,1
8197.00000,0.08000000,1518397010.8491,0,0
8197.00000,0.00700000,1518397010.8535,0,0
8198.80000,0.01000000,1518397025.3857,0,1
8199.00000,1.00000000,1518397026.2869,0,0
8199.00000,1.00000000,1518397026.2959,0,0
8199.00000,1.00000000,1518397026.299,0,0
8199.00000,0.04596600,1518397026.3017,0,0
8199.00000,0.95403400,1518397026.3037,0,0
8209.10000,0.05000000,1518397026.307,0,0
8209.80000,0.95000000,1518397026.3095,0,0
8209.80000,0.01222000,1518397056.5751,0,0
8200.90000,0.00200000,1518397066.4224,1,0
8200.90000,0.00200000,1518397067.3687,1,0
8200.90000,0.00200000,1518397067.7768,1,0
8201.10000,0.00200000,1518397069.2852,1,0
8201.10000,0.00200000,1518397069.941,1,0
8209.60000,0.00596298,1518397076.5373,0,0
8209.70000,0.39403702,1518397076.5653,0,0
8204.80000,0.08839600,1518397083.0542,1,1
8209.80000,0.98778000,1518397085.3297,0,1
8217.90000,1.33100000,1518397095.5026,0,0
8217.90000,1.00124060,1518397098.0937,0,1
8218.00000,0.55950000,1518397101.3312,0,0
8220.00000,0.11511303,1518397101.3384,0,0
8220.00000,0.00129852,1518397101.3416,0,0
8220.00000,0.00457400,1518397101.3439,0,0
8220.00000,0.21000000,1518397101.3461,0,0
8220.00000,1.00000000,1518397101.3483,0,0
8220.00000,0.11278100,1518397101.3505,0,0
8220.00000,0.04464500,1518397101.3527,0,0
8220.00000,0.68375566,1518397101.3552,0,0
8245.30000,0.26833279,1518397101.3581,0,0
8245.30000,0.27000000,1518397103.1264,0,0
8242.90000,0.50000000,1518397107.1793,0,0
8228.20000,0.07000000,1518397115.5941,1,1
8222.00000,0.50000000,1518397115.9537,0,1
8214.50000,0.09741549,1518397117.6827,1,0
8214.10000,0.00258451,1518397117.6975,1,0
8214.10000,0.15000000,1518397117.7017,1,0
8221.90000,0.07000000,1518397128.6054,0,0
8222.00000,0.33000000,1518397128.6136,0,0
8216.00000,0.02000000,1518397139.3871,1,0
8216.00000,0.01651600,1518397140.4704,1,1
8216.20000,0.00500000,1518397157.1224,1,1
8220.00000,0.95000000,1518397160.2473,1,1
8220.00000,0.05000000,1518397160.2592,1,1
8216.30000,0.30236413,1518397160.2626,1,1
8216.20000,0.36721961,1518397160.2651,1,1
8216.20000,0.12778039,1518397160.2672,1,1
8215.90000,0.20000000,1518397160.2703,1,1
8212.00000,0.07000000,1518397174.3699,1,0
8212.00000,0.00452044,1518397174.3749,1,0
8200.60000,0.02547956,1518397174.3783,1,0
8212.10000,0.09995882,1518397179.1396,1,1
8212.10000,0.00004118,1518397179.1479,1,1
8217.90000,0.79628200,1518397184.1876,1,1
8217.90000,0.04201100,1518397188.3856,1,1
8217.90000,0.03688100,1518397192.0561,1,1
8217.90000,0.34332197,1518397192.7967,1,1
8212.90000,0.15000000,1518397225.666,1,1
8213.10000,0.00942618,1518397262.5539,1,0
8213.10000,0.00002382,1518397262.6225,1,0
8218.80000,0.07000000,1518397267.7617,0,1
8219.10000,0.00363150,1518397322.2389,1,0
8219.10000,0.00000850,1518397322.2471,1,0
8221.60000,0.05000000,1518397362.4183,1,0
8229.70000,0.00364000,1518397366.2565,0,0
8229.80000,0.01462349,1518397366.2636,0,0
8233.80000,0.00266739,1518397366.267,0,0
8244.30000,1.72800000,1518397366.2695,0,0
8244.50000,0.25106912,1518397366.2728,0,0
8221.80000,0.00997496,1518397381.1005,1,1
8221.80000,0.00002504,1518397381.1105,1,1
8221.70000,0.03798400,1518397385.6075,1,1
8229.90000,0.02000000,1518397401.9066,1,0
8232.70000,0.07000000,1518397411.6859,1,1
8232.70000,0.03380000,1518397411.6889,1,1
8232.70000,0.01667900,1518397413.144,1,1
8232.70000,0.08726187,1518397413.1504,1,1
8240.00000,0.00449138,1518397419.2271,0,1
8240.00000,0.21027000,1518397421.1842,1,1
8240.00000,1.78523862,1518397424.9021,1,1
8233.30000,0.23106912,1518397425.1055,1,1
8232.70000,0.36225913,1518397425.1099,1,1
8221.60000,1.21748675,1518397425.1125,1,1
8235.30000,0.07000000,1518397452.2307,0,1
8235.40000,0.14495132,1518397452.2429,0,1
8233.90000,0.00727100,1518397473.9635,0,1
8225.00000,0.03000000,1518397503.9681,0,1
8225.00000,0.00250000,1518397508.5882,0,0
8224.90000,0.03000000,1518397510.0704,0,1
8224.90000,0.00576797,1518397510.3377,0,0
8224.90000,0.00923203,1518397510.3423,0,0
8224.90000,0.03000000,1518397514.0315,0,1
8224.90000,0.03000000,1518397518.5155,0,1
8221.60000,0.00957731,1518397520.9324,1,0
8221.50000,0.00042269,1518397520.9418,1,0
8224.00000,0.03000000,1518397527.8433,0,1
8224.00000,0.03000000,1518397529.5788,0,1
8224.90000,0.00423084,1518397534.928,0,1
8225.00000,0.02576916,1518397534.9364,0,1
8225.00000,0.03000000,1518397538.4365,0,1
8225.00000,0.03000000,1518397543.8695,0,1
8221.70000,0.01917500,1518397551.2894,1,0
8225.00000,0.04770135,1518397551.3554,0,1
8225.00000,0.00470913,1518397551.3601,0,1
8225.00000,0.00810000,1518397551.3634,0,1
8225.00000,0.12771355,1518397551.3674,0,1
8225.00000,0.30000000,1518397551.37,0,1
8225.00000,0.10000000,1518397551.3726,0,1
8225.00000,0.29350681,1518397551.3754,0,1
8235.30000,0.03000000,1518397554.2215,0,1
8234.00000,0.03000000,1518397558.3123,0,1
8234.00000,0.03000000,1518397559.0519,0,1
8233.90000,0.00319105,1518397568.79,0,1
8234.00000,0.02680895,1518397568.8228,0,1
8234.00000,0.01500000,1518397569.806,0,0
8234.00000,0.03000000,1518397571.1227,0,1
8234.00000,0.03000000,1518397573.0385,0,1
8234.00000,0.03000000,1518397579.8241,0,1
8234.00000,0.03000000,1518397584.4129,0,1
8234.00000,0.03000000,1518397589.3412,0,1
8233.90000,0.03000000,1518397594.4011,0,1
8233.90000,0.03000000,1518397603.8538,0,1
8233.90000,0.03000000,1518397610.5626,0,1
8233.90000,0.16597050,1518397610.9085,0,1
8233.90000,0.00912263,1518397612.2885,0,1
8233.90000,0.00246482,1518397612.2963,0,1
8235.30000,0.01841255,1518397612.3012,0,1
8235.30000,0.03000000,1518397614.4416,0,1
8235.40000,0.03000000,1518397618.602,0,1
8230.20000,0.03000000,1518397623.4972,0,1
8230.20000,0.03000000,1518397630.0906,0,1
8229.00000,0.03000000,1518397633.5593,0,1
8228.90000,0.03000000,1518397638.4907,0,1
8225.70000,0.05311722,1518397638.8401,1,0
8221.60000,0.40000000,1518397638.8451,1,0
8221.50000,0.09957731,1518397638.8479,1,0
8218.80000,0.00999533,1518397638.8515,1,0
8217.90000,0.06731014,1518397638.8546,1,0
8218.00000,0.07000000,1518397643.0576,1,1
8217.90000,1.08663600,1518397643.0645,1,1
8214.80000,0.11490600,1518397647.3382,1,1
8210.50000,0.01224000,1518397647.3481,1,1
8210.50000,0.03000000,1518397649.4352,1,1
8210.60000,0.03000000,1518397654.838,1,1
8211.20000,0.00000001,1518397655.3696,0,0
8210.50000,0.03000000,1518397659.2942,1,1
8210.50000,1.00000000,1518397660.8379,1,1
8210.50000,0.92776000,1518397662.2197,1,1
8205.10000,0.20000000,1518397662.3588,1,1
8205.10000,0.03000000,1518397663.4002,1,1
8205.10000,0.07236413,1518397669.0304,1,1
8200.60000,0.17440044,1518397669.0383,1,1
8196.10000,0.00220000,1518397685.5757,1,0
8199.40000,0.04215333,1518397707.8426,0,1
8199.40000,0.26021080,1518397708.5162,0,1
8199.50000,0.07000000,1518397708.5205,0,1
8199.60000,0.01410156,1518397708.524,0,1
8199.80000,0.50000000,1518397708.5278,0,1
8200.00000,0.15493653,1518397708.5318,0,1
8189.90000,0.00997496,1518397736.699,1,1
8189.90000,0.00002504,1518397736.7109,1,1
8189.90000,0.02662225,1518397736.7142,1,1
8189.90000,0.03337775,1518397736.7176,1,1
8189.80000,0.09222225,1518397738.6703,0,1
8189.80000,0.01133075,1518397738.6786,0,1
8189.70000,0.00200000,1518397750.7857,0,0
8183.20000,0.12071737,1518397762.3017,1,0
8188.60000,0.00726807,1518397771.0501,0,1
8177.40000,0.02560000,1518397782.493,1,0
8177.20000,2.44000000,1518397782.4987,1,0
8175.20000,0.31660000,1518397782.5015,1,0
8171.50000,2.21780000,1518397782.5044,1,0
8171.60000,0.05000000,1518397794.4922,1,0
8170.00000,2.00000000,1518397794.5547,1,0
8170.00000,0.04800000,1518397794.561,1,0
8170.20000,0.00500000,1518397808.2358,1,0
8182.90000,0.00200000,1518397818.1813,0,0
8172.60000,0.00200000,1518397882.3864,0,0
8168.10000,0.00368351,1518397885.8792,1,0
8154.30000,2.49631649,1518397885.8877,1,0
8153.30000,0.18391483,1518397903.9069,1,0
8153.30000,0.31608517,1518397903.9135,1,0
8172.10000,0.03980000,1518397909.8881,0,1
8171.60000,0.02350000,1518397931.6874,0,1
8153.20000,0.33644700,1518397934.9733,1,1
8153.20000,0.17355300,1518397934.9814,1,1
8171.20000,0.00200000,1518397946.5884,0,0
8170.90000,2.44300000,1518397961.2444,0,0
8171.00000,0.06400000,1518397961.2521,0,0
8171.00000,0.19332773,1518397961.2551,0,0
8171.90000,0.10000000,1518397961.2578,0,0
8175.00000,0.11131827,1518397961.261,0,0
8177.00000,0.08835400,1518397961.2649,0,0
8170.00000,0.02633779,1518397980.7229,0,1
8170.00000,0.00001221,1518397980.7285,0,1
8170.60000,0.03690659,1518397980.7311,0,1
8176.90000,0.00200000,1518398008.5918,0,0
8177.00000,0.17355300,1518398027.3235,0,0
8176.90000,0.01704160,1518398030.2941,0,0
8177.00000,1.98295840,1518398030.305,0,0
8177.00000,0.01080000,1518398064.9016,0,1
8177.00000,0.05000000,1518398150.822,0,1
8166.00000,0.26000927,1518398159.5936,1,1
8176.90000,0.00500000,1518398178.2963,0,1
8176.90000,0.52000000,1518398181.2804,0,0
8177.00000,0.19433460,1518398191.6085,0,0
8177.00000,0.17000000,1518398191.6124,0,0
8177.00000,0.22566540,1518398191.6145,0,0
8170.30000,0.00200000,1518398194.725,1,0
8170.30000,0.00200000,1518398195.5988,1,0
8170.30000,0.00200000,1518398197.8745,1,0
8170.30000,0.00200000,1518398198.2068,1,0
8176.00000,0.01000000,1518398198.5322,0,0
8176.00000,0.01000000,1518398198.5362,0,0
8170.40000,0.00200000,1518398199.7567,1,0
8170.50000,0.05047900,1518398215.9029,1,1
8170.50000,0.10385560,1518398215.9105,1,1
8170.50000,0.00571540,1518398215.9137,1,1
8170.50000,0.03000000,1518398215.9164,1,1
8170.50000,0.20995000,1518398215.9188,1,1
8176.00000,0.15000000,1518398219.3236,0,0
8190.00000,0.10000000,1518398219.3295,0,0
8170.60000,0.01000000,1518398222.077,0,1
8179.80000,0.01000000,1518398235.6578,0,1
8181.20000,0.03400000,1518398236.6389,0,1
8181.10000,0.12210000,1518398239.1032,0,1
8181.10000,0.03000000,1518398244.5568,0,0
8187.40000,0.06930000,1518398281.5951,0,1
8187.40000,0.02184400,1518398281.9406,0,1
8187.50000,0.29005000,1518398288.4566,1,1
8187.50000,0.00200000,1518398288.4674,1,1
8187.50000,0.00795000,1518398288.4706,1,1
8187.50000,0.00210000,1518398291.5596,1,1
8189.90000,0.20000000,1518398317.8715,0,0
8189.90000,0.99000000,1518398321.5068,0,0
8189.80000,0.00909044,1518398339.0546,0,1
8190.00000,0.01090956,1518398339.0607,0,1
8190.00000,0.88909044,1518398344.1623,0,0
8202.50000,0.00226374,1518398344.1752,0,0
8210.00000,0.06220000,1518398344.178,0,0
8210.10000,0.00925303,1518398344.1809,0,0
8214.20000,1.03719279,1518398344.1856,0,0
8189.50000,0.10000000,1518398345.5273,1,0
8189.60000,0.02000000,1518398348.2686,1,1
8197.60000,0.08202900,1518398356.7684,0,1
8198.20000,0.02000000,1518398357.3412,0,1
8198.00000,0.02000000,1518398366.0534,0,1
8198.10000,0.00452601,1518398366.0756,0,1
8199.70000,0.02000000,1518398367.6377,1,1
8203.80000,0.91063778,1518398377.1256,0,1
8213.00000,0.02000000,1518398378.4576,0,1
8200.00000,0.02000000,1518398388.2829,1,1
8202.30000,0.01500000,1518398397.1163,0,1
8202.30000,0.02000000,1518398397.9497,0,1
8200.30000,0.07000000,1518398406.2607,1,0
8200.20000,0.13000000,1518398406.268,1,0
8200.20000,0.02000000,1518398407.6232,1,1
8200.10000,0.02150000,1518398415.1655,1,1
8199.00000,0.02000000,1518398417.762,0,1
8187.50000,0.02000000,1518398427.2778,1,1
8198.90000,0.02000000,1518398437.7151,0,1
8187.60000,0.02000000,1518398448.1203,1,1
8198.90000,0.02000000,1518398457.1368,0,1
8188.30000,0.02000000,1518398467.8271,1,1
8198.90000,0.03000000,1518398468.3962,0,1
8200.70000,0.02000000,1518398478.5881,0,1
8188.50000,0.02000000,1518398487.3451,1,1
8188.50000,0.06000000,1518398489.5729,1,0
8199.80000,0.02000000,1518398497.6944,0,1
8195.20000,0.02000000,1518398509.9769,1,1
8199.00000,0.01000000,1518398514.6759,0,1
8199.00000,0.59983000,1518398520.8604,0,1
8200.50000,0.00017000,1518398520.8697,0,1
8198.90000,0.00326108,1518398522.9691,0,1
8202.00000,0.02000000,1518398527.8592,0,1
8202.00000,0.03000000,1518398529.0639,0,0
8212.40000,0.39900000,1518398529.0726,0,0
8219.80000,0.07100000,1518398529.0771,0,0
8199.80000,0.02000000,1518398529.74,1,1
8219.80000,0.02000000,1518398542.4352,0,1
8203.60000,0.02000000,1518398547.5842,1,1
8219.80000,0.00900000,1518398549.9158,0,0
8226.00000,1.18730000,1518398549.9247,0,0
8227.70000,0.30219413,1518398549.928,0,0
8230.20000,0.24000000,1518398549.9314,0,0
8232.20000,0.18740000,1518398549.9337,0,0
8232.30000,0.00550607,1518398549.937,0,0
8234.70000,0.16910000,1518398549.9396,0,0
8235.40000,0.02484668,1518398549.9426,0,0
8235.40000,0.35020000,1518398549.9452,0,0
8236.00000,1.00000000,1518398549.948,0,0
8236.70000,1.50000000,1518398549.9503,0,0
8250.00000,0.01222000,1518398549.9532,0,0
8250.00000,0.01223312,1518398549.9565,0,0
8224.90000,0.00274503,1518398557.0625,0,1
8225.90000,0.01725497,1518398557.0713,0,1
8224.50000,0.02000000,1518398568.7514,1,1
8225.80000,0.02000000,1518398570.0656,0,1
8245.60000,0.06000000,1518398573.2115,0,0
8245.60000,0.02000000,1518398573.2202,0,0
8239.20000,0.02000000,1518398577.1891,0,1
8236.40000,0.02000000,1518398587.2057,1,1
8246.90000,0.02000000,1518398599.1119,0,1
8242.00000,0.01010000,1518398605.0645,1,1
8243.00000,0.05000000,1518398607.8632,0,0
8242.10000,0.02000000,1518398608.2285,1,1
8246.90000,0.02000000,1518398618.126,0,1
8246.90000,0.06000000,1518398620.2431,0,0
8250.00000,0.03776688,1518398620.2559,0,0
8259.90000,0.18730000,1518398620.2591,0,0
8260.00000,0.07000000,1518398620.2633,0,0
8260.00000,2.06610000,1518398620.266,0,0
8260.70000,0.07883312,1518398620.2705,0,0
8249.10000,0.02000000,1518398627.1957,1,1
8249.30000,0.09195800,1518398633.6367,1,1
8249.30000,0.21040613,1518398636.6121,1,1
8249.20000,0.32609387,1518398636.6162,1,1
8257.40000,0.02000000,1518398637.3788,0,1
8254.50000,0.19995600,1518398637.8559,0,0
8257.40000,0.00004400,1518398637.8602,0,0
8249.40000,0.07000000,1518398639.2364,1,1
8249.20000,1.45000000,1518398639.2476,1,1
8249.40000,0.10000000,1518398639.7088,1,1
8249.40000,0.40000000,1518398639.9619,1,1
8249.20000,0.58500000,1518398639.9657,1,1
8249.20000,0.06590613,1518398641.3828,1,0
8243.00000,0.10581986,1518398641.3905,1,0
8243.00000,0.00010572,1518398641.3927,1,0
8243.00000,0.00000010,1518398641.3946,1,0
8243.00000,0.06684700,1518398641.4404,1,1
8253.30000,0.20000000,1518398641.4731,0,0
8243.00000,0.00320984,1518398643.3266,1,1
8243.00000,0.10000000,1518398644.4683,1,1
8243.00000,0.09481748,1518398645.6398,1,1
8242.10000,0.00442925,1518398645.646,1,1
8242.00000,0.20000000,1518398646.6264,0,0
8238.70000,0.02000000,1518398648.3287,1,1
8238.70000,0.96000000,1518398650.6954,1,1
8237.00000,0.02000000,1518398662.9644,0,1
8229.50000,0.02000000,1518398667.2684,1,1
8241.00000,0.02000000,1518398678.7118,0,1
8235.10000,0.02000000,1518398687.7021,1,1
8234.80000,0.01195104,1518398692.9399,1,0
8228.20000,0.18804896,1518398692.9478,1,0
8239.90000,0.02000000,1518398699.0504,0,1
8231.60000,0.50000000,1518398703.9622,1,1
8231.70000,0.02000000,1518398708.3357,1,1
8234.90000,0.05000000,1518398711.1288,0,1
8235.00000,0.15010000,1518398711.1367,0,1
8231.80000,0.25000000,1518398716.9983,1,0
8234.00000,0.02000000,1518398717.6852,0,1
8231.80000,0.02000000,1518398727.7965,1,1
8233.90000,0.02000000,1518398738.4578,0,1
8231.80000,0.02000000,1518398748.2158,1,1
8231.80000,0.21000000,1518398757.459,1,0
8231.00000,0.94990000,1518398757.4841,1,0
8229.80000,0.00208758,1518398757.4895,1,0
8227.20000,1.33801242,1518398757.494,1,0
8220.30000,0.01000000,1518398759.6203,1,0
8233.30000,0.02000000,1518398759.7772,0,1
8233.20000,0.18000000,1518398763.1796,0,1
8220.50000,0.02000000,1518398768.2089,1,1
8232.00000,0.26381786,1518398772.3611,0,1
8231.50000,0.02000000,1518398778.2137,0,1
8224.50000,0.02000000,1518398787.228,1,1
8230.50000,0.01002244,1518398790.8541,0,1
8231.00000,0.98985678,1518398790.8606,0,1
8229.90000,0.02000000,1518398798.6233,0,1
8230.00000,0.60000000,1518398801.5688,0,1
8235.00000,0.84990000,1518398804.9368,0,0
8244.00000,0.04488112,1518398804.946,0,0
8247.00000,0.00418444,1518398804.9493,0,0
8254.10000,0.03390000,1518398804.9522,0,0
8254.20000,0.18000000,1518398804.9552,0,0
8255.60000,1.00000000,1518398804.96,0,0
8257.40000,0.38713444,1518398804.9629,0,0
8240.10000,0.02000000,1518398807.7832,1,1
8258.10000,0.02000000,1518398818.5883,0,1
8258.10000,2.40300000,1518398818.9659,0,0
8259.00000,0.09750000,1518398818.9698,0,0
8260.50000,0.10236413,1518398818.9729,0,0
8260.60000,0.39300000,1518398818.9754,0,0
8260.70000,0.92116688,1518398818.9787,0,0
8260.70000,0.08296899,1518398818.9831,0,0
8251.10000,0.02000000,1518398827.3284,1,1
8260.70000,0.01500000,1518398827.8435,0,0
8260.60000,0.02000000,1518398838.4613,0,1
8254.30000,0.01590000,1518398839.4346,1,1
8253.30000,0.09240000,1518398846.2091,1,1
8257.00000,0.02000000,1518398848.4283,1,1
8260.50000,0.07800000,1518398848.604,0,1
8260.50000,0.01158079,1518398851.6007,1,1
8260.00000,0.58841921,1518398851.6535,0,1
8260.60000,0.07810000,1518398851.6571,0,1
8260.70000,1.60203101,1518398851.661,0,1
8260.70000,0.23144978,1518398851.6639,0,1
8260.70000,0.16755022,1518398851.9272,0,1
8261.80000,0.00400000,1518398851.9318,0,1
8261.80000,0.10000000,1518398851.9354,0,1
8262.40000,0.00168422,1518398853.0794,1,1
8260.50000,0.02000000,1518398858.1318,0,1
8260.50000,0.00111927,1518398862.1872,0,1
8265.00000,1.37760000,1518398862.1903,0,1
8266.00000,0.55500000,1518398862.1934,0,1
8274.30000,0.39900000,1518398865.4656,0,1
8279.70000,0.18790000,1518398865.4745,0,1
8279.80000,0.18800000,1518398865.4805,0,1
8280.00000,0.02000000,1518398865.4852,0,1
8281.50000,1.00000000,1518398866.23,1,1
8281.50000,0.01010280,1518398868.0941,1,1
8285.00000,0.00500000,1518398873.139,0,1
8289.90000,0.01680000,1518398873.1448,0,1
8290.00000,1.00000000,1518398873.1481,0,1
8290.00000,0.25246900,1518398873.1516,0,1
8290.00000,0.50000000,1518398873.1548,0,1
8291.80000,0.02000000,1518398873.8713,1,1
8291.80000,0.05407833,1518398876.8481,1,0
8291.80000,0.00012167,1518398876.877,1,0
8296.10000,0.02000000,1518398878.6127,0,1
8291.80000,0.01484353,1518398883.0454,0,0
8297.00000,0.06850000,1518398883.0562,0,0
8297.10000,0.01133535,1518398883.0603,0,0
8298.00000,0.17698258,1518398883.0639,0,0
8298.00000,0.00001742,1518398883.0667,0,0
8298.20000,0.05000000,1518398883.0705,0,0
8299.10000,0.02832112,1518398883.0743,0,0
8299.10000,0.07167888,1518398883.0783,0,0
8299.10000,0.05000000,1518398883.0808,0,0
8299.10000,0.17832112,1518398883.083,0,0
8288.70000,0.05000000,1518398885.104,1,0
8289.70000,0.01451796,1518398886.4774,0,1
8299.10000,0.19902888,1518398886.4816,0,1
8299.90000,1.05601744,1518398886.4847,0,1
8299.90000,0.56920000,1518398886.4883,0,1
8299.90000,0.78578256,1518398886.4917,0,1
8300.00000,0.14982210,1518398886.4952,0,1
8300.00000,0.00017790,1518398886.4974,0,1
8300.00000,0.06421744,1518398886.5008,0,1
8300.00000,0.03033843,1518398886.5053,0,1
8300.00000,0.90544413,1518398886.5086,0,1
8300.00000,0.07671748,1518398886.5115,0,1
8300.00000,2.02254092,1518398886.5151,0,1
8300.00000,0.00074160,1518398886.5172,0,1
8300.00000,0.04990061,1518398886.5204,0,1
8306.80000,0.00734814,1518398886.5238,0,1
8313.80000,0.00816008,1518398886.5272,0,1
8317.00000,0.00241000,1518398886.5307,0,1
8319.90000,0.12092773,1518398886.5334,0,1
8320.00000,0.20022600,1518398886.537,0,1
8320.00000,0.00604488,1518398886.5399,0,1
8320.00000,0.13525512,1518398886.5433,0,1
8325.00000,2.86474488,1518398886.546,0,1
8325.00000,0.40800000,1518398886.5494,0,1
8325.00000,0.03000000,1518398886.5534,0,1
8325.00000,0.69725512,1518398886.5568,0,1
8328.90000,0.23173788,1518398886.5596,0,1
8328.90000,0.76826212,1518398886.5627,0,1
8330.00000,0.99940381,1518398886.5658,0,1
8330.00000,0.00059619,1518398886.568,0,1
8331.00000,0.50000000,1518398886.5715,0,1
8333.00000,0.09518060,1518398886.575,0,1
8328.60000,1.00000000,1518398888.8292,0,0
8328.60000,0.22056311,1518398888.8364,0,0
8328.60000,0.00267594,1518398888.8395,0,0
8328.60000,0.27676095,1518398888.8425,0,0
8333.00000,0.22323905,1518398888.8449,0,0
8333.00000,0.01458035,1518398888.8484,0,0
8333.00000,0.33300000,1518398888.851,0,0
8339.80000,0.19332773,1518398888.8537,0,0
8339.90000,0.15909192,1518398888.8569,0,0
8339.90000,0.07000000,1518398888.8602,0,0
8294.00000,0.02000000,1518398889.0318,1,1
8300.00000,0.10000000,1518398892.7099,0,0
8332.60000,0.65000000,1518398892.7148,0,0
8317.80000,0.00600000,1518398897.3471,1,1
8332.60000,0.02000000,1518398898.0544,0,1
8319.30000,0.01448455,1518398898.8174,0,1
8320.50000,0.00606273,1518398900.0664,1,1
8320.50000,0.01447673,1518398900.7337,1,1
8320.50000,0.91497599,1518398901.1943,1,1
8320.50000,0.05000000,1518398901.1988,1,1
8318.30000,0.03502401,1518398901.202,1,1
8329.80000,0.00600000,1518398901.7963,1,1
8329.80000,0.14705000,1518398903.8101,1,0
8329.80000,0.04990000,1518398903.86,1,1
8329.80000,0.05420000,1518398903.9008,1,1
8329.80000,0.25037625,1518398904.6611,1,1
8329.80000,0.48647375,1518398905.8627,1,1
8329.80000,0.22056311,1518398905.8657,1,1
8329.80000,0.00267594,1518398905.8681,1,1
8329.80000,0.27676095,1518398905.8704,1,1
8320.60000,0.07000000,1518398906.4733,1,1
8317.90000,0.11341900,1518398906.4764,1,1
8323.90000,0.02000000,1518398907.2861,1,1
8329.80000,0.01000000,1518398910.2318,0,0
8328.80000,0.00556192,1518398910.2823,1,0
8328.80000,0.15617596,1518398910.4253,1,1
8328.80000,0.06483335,1518398910.4294,1,1
8328.80000,0.04484998,1518398911.7527,1,1
8328.80000,0.05970000,1518398913.7205,0,1
8329.80000,0.00012625,1518398913.7248,0,1
8329.80000,0.14017375,1518398913.7276,0,1
8329.00000,0.04312431,1518398916.9868,1,1
8329.00000,0.06818403,1518398917.5615,1,1
8329.70000,0.00540000,1518398918.4994,0,0
8329.70000,0.02000000,1518398919.2132,0,1
8329.10000,0.00298733,1518398922.8913,1,1
8329.00000,0.29701267,1518398922.8991,1,1
8329.70000,0.04460000,1518398923.5739,0,1
8330.20000,0.00481829,1518398923.5796,0,1
8332.20000,0.09592490,1518398923.5843,0,1
8339.80000,0.26200000,1518398925.3574,0,0
8340.00000,0.10000000,1518398925.3662,0,0
8340.00000,0.10000000,1518398925.3704,0,0
8340.20000,0.03000000,1518398925.3738,0,0
8341.10000,0.00500000,1518398925.3778,0,0
8342.00000,0.05063907,1518398925.381,0,0
8342.00000,0.01000000,1518398925.3838,0,0
8342.00000,0.02540000,1518398925.3865,0,0
8342.00000,0.16396093,1518398925.3891,0,0
8344.40000,0.00400000,1518398925.3938,0,0
8348.00000,0.44900000,1518398925.3977,0,0
8348.00000,0.50000000,1518398925.4157,0,0
8348.00000,0.01000000,1518398926.6983,0,0
8336.70000,0.02000000,1518398928.9941,1,1
8336.70000,0.00100000,1518398929.4838,1,1
8336.70000,0.00100000,1518398929.4895,1,1
8347.40000,0.02000000,1518398937.8797,0,1
8347.30000,0.29500000,1518398939.4643,0,0
8347.40000,0.70500000,1518398939.4691,0,0
8337.30000,0.01482183,1518398940.5157,1,1
8336.80000,0.30236413,1518398940.5215,1,1
8336.80000,0.02155080,1518398940.5241,1,1
8336.80000,0.01500000,1518398941.3503,1,0
8341.30000,0.63657879,1518398941.6792,1,1
8337.40000,0.00730000,1518398947.2281,1,1
8340.00000,0.36342121,1518398950.69,0,1
8342.80000,0.02000000,1518398952.3142,1,1
8342.80000,0.04860000,1518398954.0617,1,1
8342.80000,0.56929253,1518398954.3337,1,1
8337.40000,0.06974423,1518398954.3404,1,1
8347.90000,0.30236413,1518398954.7482,0,1
8347.90000,0.00505741,1518398954.7532,0,1
8348.00000,0.16000000,1518398954.7564,0,1
8349.20000,0.05000000,1518398954.7597,0,1
8349.80000,0.17300000,1518398954.7631,0,1
8349.90000,0.48942723,1518398954.766,0,1
8349.90000,0.10100000,1518398954.7694,0,1
8349.90000,0.05000000,1518398954.7726,0,1
8349.90000,0.03000000,1518398954.7767,0,1
8349.90000,0.04000000,1518398954.7807,0,1
8349.90000,0.99915123,1518398954.7859,0,1
8350.00000,0.22000000,1518398962.1614,0,0
8349.20000,0.01199760,1518398967.245,1,1
8350.00000,0.01000000,1518398967.3504,0,0
8349.90000,0.20000000,1518398974.7195,0,1
8349.30000,0.05000000,1518398975.3897,1,1
8349.90000,0.10100000,1518398976.8372,0,0
8349.90000,0.25000000,1518398976.9311,0,0
8349.30000,0.01290577,1518398983.7374,1,0
8349.20000,0.00209423,1518398983.7445,1,0
8350.00000,0.25000000,1518398983.9879,0,0
8349.90000,1.50000000,1518398986.7336,0,0
8349.30000,0.03820000,1518398986.9191,1,1
8349.30000,0.20000000,1518398991.9143,1,1
8349.30000,0.06598660,1518398992.3274,1,1
8349.90000,0.00250437,1518398993.1834,0,1
8350.00000,0.04829563,1518398994.8099,0,1
8350.00000,0.15000000,1518398994.8182,0,0
8350.00000,0.18421000,1518398997.9042,0,1
8349.20000,0.00590817,1518399011.7667,1,0
8349.20000,0.00897361,1518399011.7708,1,0
8341.70000,0.00290000,1518399011.7735,1,0
8341.60000,0.10000000,1518399011.7767,1,0
8340.00000,0.01000000,1518399011.7802,1,0
8337.60000,0.04734822,1518399011.7829,1,0
8348.00000,0.10000000,1518399025.6671,0,1
8348.00000,0.10000000,1518399025.6733,0,1
8348.00000,0.05000000,1518399025.6766,0,1
8348.00000,0.05000000,1518399025.6802,0,1
8348.00000,0.01000000,1518399025.6838,0,1
8348.00000,0.04000000,1518399025.6873,0,1
8348.00000,0.08715074,1518399029.1352,0,1
8348.00000,0.00034165,1518399029.1448,0,1
8348.00000,0.06250761,1518399034.4163,0,1
8349.80000,0.04734822,1518399034.4199,0,1
8349.90000,0.09014417,1518399034.4235,0,1
8337.70000,0.01451198,1518399040.033,1,1
8337.70000,0.05548802,1518399040.0455,1,1
8337.70000,0.29830000,1518399040.0483,1,1
8337.70000,0.01013437,1518399040.0513,1,1
8330.00000,0.10000000,1518399040.0709,1,1
8337.60000,0.07000000,1518399043.6568,0,1
8337.70000,0.18607761,1518399043.6609,0,1
8347.00000,1.34820000,1518399043.6643,0,1
8349.90000,0.68598624,1518399047.9299,0,1
8349.90000,0.00200000,1518399047.9355,0,1
8349.90000,0.56173000,1518399047.9395,0,1
8349.90000,1.05613959,1518399047.944,0,1
8349.90000,0.10000000,1518399053.4449,1,1
8349.90000,0.44930061,1518399059.8964,1,0
8349.90000,0.00080729,1518399059.9006,1,0
8349.90000,0.00000144,1518399059.9026,1,0
8349.90000,0.10708698,1518399072.8805,1,1
8349.90000,0.28666409,1518399073.1876,1,1
8349.90000,0.37514188,1518399073.1915,1,1
8349.90000,2.39500000,1518399073.1939,1,1
8348.00000,0.08864056,1518399073.1974,1,1
8349.10000,0.10000000,1518399079.7795,1,1
8340.00000,0.01000000,1518399079.8056,1,1
8340.00000,0.39000000,1518399079.8089,1,1
8340.00000,0.20983000,1518399084.0652,1,1
8330.20000,0.07000000,1518399093.9639,1,1
8330.20000,0.04948168,1518399093.9707,1,1
8330.20000,0.08127296,1518399093.9744,1,1
8332.10000,0.01445512,1518399096.9842,0,1
8332.10000,0.01501728,1518399099.0803,1,0
8330.20000,0.00570000,1518399099.0847,1,0
8330.10000,0.30236413,1518399099.0891,1,0
8327.90000,2.39900000,1518399099.0925,1,0
8312.80000,0.27791859,1518399099.0957,1,0
8328.00000,0.20000000,1518399104.4579,1,0
8316.80000,0.01000000,1518399112.5782,1,0
8322.50000,0.00460000,1518399112.696,1,0
8340.70000,0.07000000,1518399113.305,0,1
8345.60000,0.37500000,1518399113.3114,0,1
8345.70000,1.55500000,1518399113.316,0,1
8345.70000,0.17200000,1518399114.265,0,1
8340.70000,0.29919000,1518399118.7235,0,0
8349.10000,0.01483418,1518399118.7333,0,0
8349.30000,0.30236413,1518399118.737,0,0
8349.70000,0.01136251,1518399118.7408,0,0
8350.00000,0.37224918,1518399118.7445,0,0
8349.20000,0.10000000,1518399119.7396,0,0
8345.70000,0.30000000,1518399129.6835,0,0
8345.70000,0.00565642,1518399130.0691,0,0
8324.10000,0.00565303,1518399130.4804,1,0
8345.70000,0.00565778,1518399130.6017,0,0
8344.50000,0.10000000,1518399142.2974,0,0
8344.60000,0.20000000,1518399142.3041,0,0
8350.00000,2.18382389,1518399142.3102,0,0
8350.00000,0.50000000,1518399142.3179,0,0
8350.00000,0.00203203,1518399142.3237,0,0
8350.00000,0.01296797,1518399142.3265,0,0
8350.00000,0.00117611,1518399142.3306,0,0
8323.10000,0.07000000,1518399151.3067,1,0
8322.80000,0.02993627,1518399151.317,1,0
8322.80000,0.00006373,1518399151.3207,1,0
8344.30000,0.01500000,1518399167.2689,0,0
8341.40000,0.03000000,1518399167.3802,1,1
8343.60000,0.00567974,1518399174.6361,0,1
8343.50000,0.05500000,1518399190.0755,0,0
8345.10000,0.04500000,1518399190.0899,0,0
8343.50000,0.01457106,1518399199.7433,0,1
8343.50000,0.04470000,1518399199.7499,0,1
8343.50000,0.00072894,1518399199.7522,0,1
8343.50000,0.00431520,1518399201.105,0,1
8343.50000,0.05500000,1518399201.4936,0,1
8343.50000,0.08100000,1518399201.5254,0,0
8327.20000,0.10000000,1518399202.3543,1,0
8327.10000,0.15000000,1518399202.3583,1,0
8343.50000,0.15435365,1518399209.7001,0,1
8343.50000,0.04533115,1518399209.7062,0,1
8344.30000,0.00398963,1518399228.7543,1,1
8344.30000,0.00001034,1518399228.7579,1,1
8344.30000,0.00000003,1518399228.7601,1,1
8345.20000,0.42900000,1518399236.6618,1,1
8344.30000,0.07100000,1518399236.6675,1,1
8344.20000,0.00500000,1518399253.7556,1,0
8349.20000,0.00998403,1518399262.2404,0,1
8349.20000,0.00001594,1518399262.2441,0,1
8349.20000,0.00000003,1518399262.2464,0,1
8349.80000,2.39600000,1518399262.249,0,1
8350.00000,0.09882389,1518399262.2518,0,1
8350.00000,0.10000000,1518399262.2549,0,1
8350.00000,0.03000000,1518399262.2583,0,1
8350.00000,1.50000000,1518399262.263,0,1
8350.70000,0.02718553,1518399262.2665,0,1
8350.70000,0.00002447,1518399262.2686,0,1
8351.60000,0.00096611,1518399263.2039,1,1
8349.00000,0.99903389,1518399264.8627,0,1
8352.00000,0.05000000,1518399264.8719,0,1
8355.50000,0.00500000,1518399264.8759,0,1
8356.20000,0.00340000,1518399266.2614,1,1
8356.20000,0.01211180,1518399267.4375,1,1
8356.20000,0.00003141,1518399267.4399,1,1
8356.20000,0.00000008,1518399267.4419,1,1
8360.00000,0.04768050,1518399274.8836,1,1
8360.90000,0.01500000,1518399275.1213,0,0
8360.90000,0.00719359,1518399276.3295,0,1
8360.90000,0.00000641,1518399276.3345,0,1
8365.00000,0.01000000,1518399276.3377,0,1
8366.50000,0.10000000,1518399276.3416,0,1
8366.50000,0.00500000,1518399276.3453,0,1
8366.50000,0.01000000,1518399276.3487,0,1
8368.80000,0.06780000,1518399277.356,1,1
8360.00000,0.25000000,1518399278.5013,1,1
8364.90000,0.05000000,1518399279.7122,0,0
8364.90000,0.04650000,1518399279.7156,0,0
8368.80000,0.04490000,1518399279.7181,0,0
8368.80000,0.00860000,1518399279.7207,0,0
8363.50000,0.00420000,1518399284.9033,1,1
8369.00000,0.03000000,1518399287.8561,0,1
8371.00000,0.19984013,1518399287.8623,0,1
8371.00000,0.00015974,1518399287.8647,0,1
8371.00000,0.00000013,1518399287.8669,0,1
8371.00000,0.00370486,1518399287.8708,0,1
8371.20000,0.05000000,1518399287.8744,0,1
8371.20000,0.02000000,1518399287.8768,0,1
8371.90000,0.01450000,1518399288.5373,1,1
8372.00000,0.16090000,1518399293.2157,1,1
8374.90000,0.01095441,1518399294.676,0,1
8375.00000,1.00000000,1518399294.6836,0,1
8375.60000,0.01000000,1518399294.6883,0,1
8377.00000,1.00000000,1518399294.6923,0,1
8377.60000,0.03740000,1518399294.6959,0,1
8377.70000,0.47000000,1518399294.7,0,1
8379.90000,0.10000000,1518399294.7032,0,1
8380.00000,0.14000000,1518399294.7067,0,1
8380.00000,0.49970214,1518399294.7101,0,1
8380.00000,0.00029786,1518399294.7125,0,1
8383.70000,0.18770000,1518399295.8556,1,1
8384.20000,0.13300000,1518399296.4864,0,0
8384.20000,0.01000000,1518399297.3083,0,0
8383.70000,0.50000000,1518399297.5091,1,1
8383.70000,0.25000000,1518399298.1207,1,1
8383.80000,0.06410000,1518399298.905,1,1
8383.80000,0.01436015,1518399299.3422,1,1
8384.20000,1.05431665,1518399301.3575,0,0
8384.20000,0.00168335,1518399301.3631,0,0
8387.30000,0.94400000,1518399301.366,0,0
8387.30000,0.03000000,1518399302.1429,0,0
8383.80000,0.01436466,1518399302.6874,1,1
8383.80000,0.25000000,1518399303.3361,1,1
8383.70000,0.00730000,1518399305.1966,1,1
8387.50000,0.04780000,1518399308.2019,0,0
8387.60000,0.01458000,1518399308.214,0,0
8387.60000,0.05000000,1518399308.2178,0,0
8387.60000,0.10000000,1518399308.2218,0,0
8390.00000,0.30000000,1518399308.2273,0,0
8397.90000,1.05300000,1518399308.231,0,0
8398.10000,0.04150000,1518399308.2344,0,0
8399.90000,0.00492773,1518399308.2371,0,0
8400.00000,0.69778723,1518399308.2404,0,0
8400.00000,0.00069277,1518399308.2426,0,0
8400.00000,0.66911551,1518399308.2462,0,0
8400.00000,0.20000000,1518399308.6178,0,0
8383.80000,0.04796476,1518399310.7026,1,1
8383.80000,0.10439937,1518399312.6872,1,1
8383.80000,0.06355676,1518399312.6952,1,1
8383.90000,0.07000000,1518399313.3542,1,1
8383.80000,0.19039498,1518399313.3584,1,1
8399.70000,0.44228816,1518399313.3918,0,1
8399.70000,0.01760000,1518399313.396,0,1
8399.70000,0.00650000,1518399313.3993,0,1
8399.70000,0.01760000,1518399313.4028,0,1
8399.70000,0.00760000,1518399313.4059,0,1
8399.70000,0.50841184,1518399313.409,0,1
8400.00000,1.59158816,1518399313.4124,0,1
8400.00000,0.05000000,1518399313.4154,0,1
8400.00000,0.03837676,1518399313.4183,0,1
8400.00000,1.05584444,1518399313.4213,0,1
8400.00000,0.23968271,1518399313.4244,0,1
8400.00000,6.65800031,1518399313.4274,0,1
8400.00000,4.36650762,1518399313.4306,0,1
8383.80000,0.09976867,1518399313.4587,1,0
8383.80000,0.00023133,1518399313.4611,1,0
8383.80000,0.03983802,1518399316.5649,1,1
8377.40000,0.10000000,1518399317.5384,1,1
8377.40000,0.14961000,1518399318.1796,1,1
8398.30000,0.10000000,1518399323.0733,0,0
8398.30000,0.05000000,1518399323.0801,0,0
8398.30000,0.09961000,1518399323.1841,0,0
8399.90000,0.07000000,1518399323.1886,0,0
8399.90000,1.83039000,1518399323.1914,0,0
8383.90000,0.01200000,1518399323.3885,1,1
8399.90000,0.11820233,1518399329.1135,0,1
8400.00000,0.05000000,1518399337.2486,0,0
8400.00000,0.10000000,1518399337.2531,0,0
8400.00000,0.20000000,1518399337.4465,0,1
8397.00000,0.04768050,1518399343.7391,0,0
8397.00000,0.15231950,1518399343.7464,0,0
8397.00000,0.03000000,1518399343.8037,0,0
8397.00000,0.06768050,1518399348.2691,0,0
8399.90000,0.13231950,1518399348.2765,0,0
8399.90000,0.03000000,1518399350.7934,0,0
8384.00000,0.02992667,1518399350.807,1,0
8384.10000,0.10000000,1518399364.8229,1,1
8384.10000,0.02500000,1518399367.294,1,0
8399.80000,0.02992667,1518399367.8728,0,0
8399.90000,0.07007333,1518399367.8778,0,0
8389.10000,0.01500000,1518399378.3387,1,0
8389.10000,0.17630000,1518399378.9615,1,1
8389.10000,1.50000000,1518399379.4611,1,0
8389.10000,0.69370000,1518399379.9497,1,1
8384.10000,0.00731950,1518399379.9973,1,1
8383.90000,0.00580250,1518399380.0012,1,1
8379.80000,0.00785347,1518399383.2767,0,1
8379.90000,3.29317800,1518399383.2825,0,1
8398.80000,0.19497130,1518399384.9035,0,1
8399.00000,0.03000000,1518399384.907,0,1
8400.00000,2.58602870,1518399384.9121,0,1
8386.30000,0.10000000,1518399387.7799,1,1
8398.00000,0.30664582,1518399387.8717,0,1
8400.00000,2.19485579,1518399387.8748,0,1
8400.00000,0.05000000,1518399387.878,0,1
8408.90000,0.14420000,1518399390.255,0,1
8409.00000,2.00000000,1518399390.2597,0,1
8409.10000,0.01000000,1518399390.2635,0,1
8410.00000,0.05648000,1518399390.267,0,1
8416.90000,1.00000000,1518399390.2698,0,1
8417.00000,0.03000000,1518399390.2729,0,1
8419.00000,0.74932000,1518399390.2762,0,1
8404.10000,0.12620000,1518399394.5167,0,0
8408.90000,0.00731950,1518399394.5211,0,0
8416.80000,0.26648050,1518399394.5238,0,0
8397.40000,0.00863400,1518399396.6118,1,1
8408.70000,1.00000000,1518399397.5673,1,1
8416.70000,0.05000000,1518399398.3856,0,0
8416.70000,0.20000000,1518399398.5763,0,1
8417.00000,0.25000000,1518399401.3446,1,0
8417.00000,0.02970000,1518399401.9249,1,1
8416.70000,0.02750000,1518399403.8614,1,1
8408.30000,0.07000000,1518399404.5842,1,1
8400.00000,0.03000000,1518399404.5895,1,1
8400.00000,0.25087200,1518399404.9057,1,1
8416.70000,0.02757895,1518399405.3846,0,1
8416.90000,0.01430177,1518399405.388,0,1
8418.90000,0.19332773,1518399405.3906,0,1
8419.00000,0.25068000,1518399405.3938,0,1
8419.00000,0.41490572,1518399405.397,0,1
8409.00000,0.10500000,1518399407.2604,1,1
8416.60000,0.07000000,1518399410.6805,0,1
8416.70000,0.22730000,1518399410.6841,0,1
8419.00000,0.61239037,1518399410.6878,0,1
8419.00000,0.00752891,1518399413.7275,0,0
8419.90000,0.09247109,1518399413.7317,0,0
8418.00000,0.01614187,1518399419.5496,1,0
8418.00000,0.00001612,1518399419.5524,1,0
8418.00000,0.00000001,1518399419.5544,1,0
8419.00000,0.15783000,1518399420.7089,0,1
8419.90000,0.19332773,1518399420.7145,0,1
8420.00000,0.02000000,1518399420.7187,0,1
8423.60000,0.17757283,1518399422.6833,1,1
8423.60000,0.00017208,1518399422.6996,1,1
8423.60000,0.10000000,1518399422.9385,1,1
8423.90000,0.00442169,1518399423.1277,0,1
8424.00000,1.00000000,1518399423.1365,0,1
8426.00000,0.01429822,1518399423.2086,1,1
8426.00000,0.03641433,1518399423.3992,1,1
8423.60000,0.09218567,1518399423.4072,1,1
8423.60000,0.67970000,1518399423.4203,1,1
8423.60000,0.20020000,1518399423.5715,1,1
8414.20000,0.09200000,1518399424.8764,1,1
8417.30000,0.01020864,1518399425.9024,1,0
8417.30000,0.00002136,1518399425.9048,1,0
8417.40000,0.13682268,1518399430.8007,1,1
8418.10000,0.01429990,1518399431.7497,0,0
8426.20000,0.05000000,1518399431.7562,0,0
8426.30000,1.00000000,1518399431.7601,0,0
8427.90000,0.00400000,1518399431.764,0,0
8430.00000,0.10000000,1518399431.768,0,0
8432.70000,0.00863400,1518399431.7719,0,0
8432.70000,0.03000000,1518399431.7741,0,0
8432.70000,0.25087200,1518399431.7768,0,0
8432.70000,0.01020864,1518399431.7791,0,0
8432.70000,0.00002136,1518399431.7821,0,0
8433.00000,0.10000000,1518399431.7861,0,0
8433.00000,0.08270000,1518399431.7891,0,0
8437.90000,0.18262773,1518399431.792,0,0
8438.00000,0.02000000,1518399431.7955,0,0
8438.00000,1.00000000,1518399431.7995,0,0
8443.10000,0.14663637,1518399431.803,0,0
8417.40000,0.01500000,1518399432.4147,1,0
8418.00000,0.00560000,1518399432.6807,1,1
8419.60000,0.04700000,1518399440.0974,1,1
8424.90000,0.05000000,1518399442.3773,1,0
8425.10000,0.09190000,1518399446.7165,1,1
8425.10000,0.05473637,1518399447.5602,1,0
8425.00000,0.06205404,1518399447.5704,1,0
8417.70000,0.02947239,1518399447.5742,1,0
8417.70000,0.00002944,1518399447.5767,1,0
8417.70000,0.00000003,1518399447.5788,1,0
8425.80000,0.00959880,1518399453.406,0,1
8419.70000,0.11728800,1518399456.571,1,1
8425.80000,0.03740120,1518399456.6313,0,1
8426.10000,0.13682268,1518399456.6357,0,1
8431.20000,0.02577612,1518399459.565,1,1
8419.80000,0.07422388,1518399459.5748,1,1
8429.00000,0.05000000,1518399469.839,0,1
8438.60000,0.00900000,1518399469.8467,0,1
8438.70000,0.00495590,1518399469.8506,0,1
8443.70000,0.58700000,1518399469.8554,0,1
8443.80000,0.01500000,1518399469.8593,0,1
8443.80000,0.11033320,1518399469.8623,0,1
8443.70000,0.50000000,1518399475.1085,0,0
8443.40000,0.11000000,1518399482.1435,0,0
8420.40000,0.10000000,1518399488.7539,1,1
8430.00000,0.05000000,1518399494.9578,0,0
8430.00000,0.10000000,1518399501.2645,0,0
8425.90000,0.09816000,1518399505.1452,1,1
8420.70000,0.07000000,1518399505.155,1,1
8420.70000,0.83184000,1518399505.1578,1,1
8441.30000,0.02430000,1518399507.6223,0,0
8442.40000,0.07000000,1518399507.6261,0,0
8443.10000,0.10570000,1518399507.629,0,0
8443.10000,0.20000000,1518399507.6329,0,0
8440.20000,0.14430000,1518399520.4626,1,1
8440.20000,0.05570000,1518399528.6731,1,1
8420.90000,0.05600000,1518399531.1944,1,1
8421.00000,0.30236413,1518399540.1029,1,0
8421.00000,0.07000000,1518399540.1123,1,0
8420.90000,0.12763587,1518399540.115,1,0
8421.20000,0.06375001,1518399552.7362,1,1
8421.20000,0.03624999,1518399552.7398,1,1
8432.20000,0.08363587,1518399562.5663,0,0
8432.50000,0.30236413,1518399562.5771,0,0
8432.60000,0.05049440,1518399562.5806,0,0
8439.90000,0.02750000,1518399562.5838,0,0
8440.00000,0.03600560,1518399562.5881,0,0
8422.00000,1.00000000,1518399568.8501,0,1
8421.50000,0.09976867,1518399572.2349,1,1
8421.50000,0.00023133,1518399572.2397,1,1
8421.70000,0.20000000,1518399578.0347,1,0
8421.90000,0.07000000,1518399579.0477,0,1
8421.90000,0.43020142,1518399579.0532,0,1
8421.90000,0.20000000,1518399579.1701,0,1
8421.70000,0.01000000,1518399582.4056,1,0
8421.70000,0.01000000,1518399582.4117,1,0
8421.70000,0.10000000,1518399591.5302,1,1
8421.70000,0.05000000,1518399593.058,1,0
8421.80000,0.05000000,1518399605.1915,0,0
8421.90000,0.10000000,1518399607.6667,0,0
8417.70000,0.07049814,1518399615.5524,1,1
8405.80000,0.25438746,1518399615.5589,1,1
8412.60000,0.03640000,1518399623.6321,0,0
8405.90000,0.07000000,1518399624.492,1,0
8405.90000,0.01097284,1518399624.4968,1,0
8405.90000,0.00002716,1518399624.4996,1,0
8405.90000,0.17430000,1518399624.5243,1,1
8405.80000,0.04797667,1518399624.5284,1,1
8405.80000,0.01756647,1518399624.5316,1,1
8405.40000,0.04646994,1518399624.5357,1,1
8403.80000,0.00396238,1518399624.542,1,1
8401.00000,0.10000000,1518399624.5449,1,1
8400.90000,0.00965639,1518399624.548,1,1
8397.30000,1.20000000,1518399627.5173,1,0
8397.30000,0.07240000,1518399633.1931,1,1
8396.90000,2.38200000,1518399637.4202,1,0
8396.80000,1.59650120,1518399637.4246,1,0
8396.80000,0.00249880,1518399637.4267,1,0
8397.30000,0.17110000,1518399638.4629,0,0
8399.90000,0.00795000,1518399638.4684,0,0
8399.90000,0.00210000,1518399638.4708,0,0
8399.90000,0.06885000,1518399638.4729,0,0
8396.90000,0.01036330,1518399640.288,1,0
8396.80000,0.48963670,1518399640.2923,1,0
8393.10000,0.13723000,1518399653.7923,0,1
